<?xml version="1.0" encoding="UTF-8"?><collection xmlns="http://www.loc.gov/MARC21/slim"><record><leader>00371nam--2200121-i-4500</leader><controlfield tag="001">000004369</controlfield><controlfield tag="002">20161230</controlfield><controlfield tag="005">20161230201025</controlfield><controlfield tag="008">060222s1000------------r-----000-0-eng-d</controlfield><datafield ind1=" " ind2=" " tag="100"><subfield code="a">Baptista Antonio M., Palacio Julio</subfield></datafield><datafield ind1=" " ind2=" " tag="245"><subfield code="a">Mecanismo de la captacion del yodo por el tiroides</subfield></datafield><datafield ind1=" " ind2=" " tag="260"><subfield code="a">Coimbra, Assoc.Portug.Para O Progr.Das Cienc., 1957. 20 P. + 4 Fig</subfield></datafield><datafield ind1=" " ind2=" " tag="852"><subfield code="a">5536</subfield></datafield></record></collection>